@article{areference,
  author = {Author, A Super Great},
  doi = {10.1008/10101010},
  journal = {A Superb Journal},
  month = {Jan.},
  number={1},
  pages={1--2},
  publisher={Springer},
  title={Be sure to follow the {IEEE} style guide},
  volume={21},
  year={2018},
}
